@article{zeng2020differential,
  title={Differential flatness based path planning with direct collocation on hybrid modes for a quadrotor with a cable-suspended payload},
  author={Zeng, Jun and Kotaru, Prasanth and Mueller, Mark W and Sreenath, Koushil},
  journal={IEEE Robotics and Automation Letters},
  volume={5},
  number={2},
  pages={3074--3081},
  year={2020},
  publisher={IEEE}
}

@article{raptis2011linear,
  title={Linear tracking control for small-scale unmanned helicopters},
  author={Raptis, Ioannis A and Valavanis, Kimon P and Vachtsevanos, George J},
  journal={IEEE Transactions on control systems technology},
  volume={20},
  number={4},
  pages={995--1010},
  year={2011},
  publisher={IEEE}
}

@article{zhao2021differential,
  title={A Differential-Flatness-Based Approach for Autonomous Helicopter Shipboard Landing},
  author={Zhao, Di and Mishra, Sandipan and Gandhi, Farhan},
  journal={IEEE/ASME Transactions on Mechatronics},
  volume={27},
  number={3},
  pages={1557--1569},
  year={2021},
  publisher={IEEE}
}

@inproceedings{koo1999differential,
  title={Differential flatness based full authority helicopter control design},
  author={Koo, T John and Sastry, Shankar},
  booktitle={Proceedings of the 38th IEEE Conference on Decision and Control (Cat. No. 99CH36304)},
  volume={2},
  pages={1982--1987},
  year={1999},
  organization={IEEE}
}


@inproceedings{tang2015mixed,
  title={Mixed integer quadratic program trajectory generation for a quadrotor with a cable-suspended payload},
  author={Tang, Sarah and Kumar, Vijay},
  booktitle={2015 IEEE international conference on robotics and automation (ICRA)},
  pages={2216--2222},
  year={2015},
  organization={IEEE}
}


@article{valentim2019multi,
  title={Multi-vehicle Cooperative Control for Load Transportation},
  author={Valentim, Tiago and Cunha, Rita and Oliveira, Paulo and Cabecinhas, David and Silvestre, Carlos},
  journal={IFAC-PapersOnLine},
  volume={52},
  number={12},
  pages={358--363},
  year={2019},
  publisher={Elsevier}
}

@inproceedings{sreenath2013trajectory,
  title={Trajectory generation and control of a quadrotor with a cable-suspended load-a differentially-flat hybrid system},
  author={Sreenath, Koushil and Michael, Nathan and Kumar, Vijay},
  booktitle={2013 IEEE international conference on robotics and automation},
  pages={4888--4895},
  year={2013},
  organization={IEEE}
}

@inproceedings{wu2014geometric,
  title={Geometric control of multiple quadrotors transporting a rigid-body load},
  author={Wu, Guofan and Sreenath, Koushil},
  booktitle={53rd IEEE Conference on Decision and Control},
  pages={6141--6148},
  year={2014},
  organization={IEEE}
}

@inproceedings{kotaru2018differential,
  title={Differential-flatness and control of quadrotor (s) with a payload suspended through flexible cable (s)},
  author={Kotaru, Prasanth and Wu, Guofan and Sreenath, Koushil},
  booktitle={2018 Indian Control Conference (ICC)},
  pages={352--357},
  year={2018},
  organization={IEEE}
}

@article{sreenath2013dynamics,
title={Dynamics, control and planning for cooperative manipulation of payloads suspended by cables from multiple quadrotor robots},
author={Sreenath, Koushil and Kumar, Vijay},
journal={rn},
volume={1},
number={r2},
pages={r3},
year={2013}
}

@article{hegde2021multi,
  title={Multi-UAV collaborative transportation of payloads with obstacle avoidance},
  author={Hegde, Aditya and Ghose, Debasish},
  journal={IEEE Control Systems Letters},
  volume={6},
  pages={926--931},
  year={2021},
  publisher={IEEE}
}

@inproceedings{salinas2018null,
  title={Null-space-based path-following control for cooperative payload transport using multiple rotorcraft UAVs},
  author={Salinas, Lucio R and Gimenez, Javier and Rosales, Claudio and Gandolfo, Daniel C},
  booktitle={2018 International Conference on Unmanned Aircraft Systems (ICUAS)},
  pages={631--638},
  year={2018},
  organization={IEEE}
}


@article{jin2022adaptive,
  title={Adaptive Cooperative Load Transportation by a Team of Quadrotors With Multiple Constraint Requirements},
  author={Jin, Xu and Hu, Zhongjun},
  journal={IEEE Transactions on Intelligent Transportation Systems},
  year={2022},
  publisher={IEEE}
}

@inproceedings{gassner2017dynamic,
  title={Dynamic collaboration without communication: Vision-based cable-suspended load transport with two quadrotors},
  author={Gassner, Michael and Cieslewski, Titus and Scaramuzza, Davide},
  booktitle={2017 IEEE International Conference on Robotics and Automation (ICRA)},
  pages={5196--5202},
  year={2017},
  organization={IEEE}
}

@article{meier1988efficient,
  title={Efficient sizing of a cargo rotorcraft},
  author={Meier, Wilfried H and Olson, John R},
  journal={Journal of Aircraft},
  volume={25},
  number={6},
  pages={538--543},
  year={1988}
}

@article{curtiss1985stability,
  title={Stability and control of the twin lift helicopter system},
  author={Curtiss, HC and Warburton, FW},
  journal={Journal of the American Helicopter Society},
  volume={30},
  number={2},
  pages={14--23},
  year={1985},
  publisher={Vertical Flight Society}
}

@inproceedings{li2014coordinated,
  title={Coordinated transport of a slung load by a team of autonomous rotorcraft},
  author={Li, ZuQun and Horn, Joseph F and Langelaan, Jack W},
  booktitle={AIAA Guidance, Navigation, and Control Conference},
  pages={0968},
  year={2014}
}

@inproceedings{takahashi2018system,
  title={A System for Autonomous Rotorcraft Dual-Lift Flight Research},
  author={Takahashi, M and Whalley, M and Berrios, Marcos G and Schulein, GJ},
  booktitle={74th Annual Forum of the American Helicopter Society},
  pages={1--18},
  year={2018},
  organization={American Helicopter Society Phoenix, AZ}
}

@book{berrios2019flight,
  title={Flight Dynamics and Control of Two Autonomous Helicopters Carrying an External Slung Load},
  author={Berrios, Marcos Gabriel},
  year={2019},
  publisher={Stanford University}
}

@article{duan2022optimal,
  title={Optimal hierarchical trimming method for multi-lift system with helicopters considering aerodynamic interference},
  author={Duan, Dengyan and Ding, Zhiwei and Zhao, Hong and Li, Jianbo},
  journal={Aerospace Science and Technology},
  volume={128},
  pages={107785},
  year={2022},
  publisher={Elsevier}
}


@inproceedings{howell2019altro,
  title={ALTRO: A fast solver for constrained trajectory optimization},
  author={Howell, Taylor A and Jackson, Brian E and Manchester, Zachary},
  booktitle={2019 IEEE/RSJ International Conference on Intelligent Robots and Systems (IROS)},
  pages={7674--7679},
  year={2019},
  organization={IEEE}
}


@inproceedings{marcovici2022control,
  title={Control and Estimation for Coordinated Transport of an Unknown Slung Load by a Team of Multirotors},
  author={Marcovici, David and Idan, Moshe},
  booktitle={AIAA SCITECH 2022 Forum},
  pages={0360},
  year={2022}
}

@article{aliyu2022control,
  title={Control of Multiple-UAV Conveying Slung Load With Obstacle Avoidance},
  author={Aliyu, Abdulrahman and El Ferik, Sami},
  journal={IEEE Access},
  volume={10},
  pages={62247--62257},
  year={2022},
  publisher={IEEE}
}

@article{jackson2020scalable,
  title={Scalable cooperative transport of cable-suspended loads with UAVs using distributed trajectory optimization},
  author={Jackson, Brian E and Howell, Taylor A and Shah, Kunal and Schwager, Mac and Manchester, Zachary},
  journal={IEEE Robotics and Automation Letters},
  volume={5},
  number={2},
  pages={3368--3374},
  year={2020},
  publisher={IEEE}
}



@article{arab2021planning,
  title={Planning and distributed control for cooperative transportation of a non-uniform slung-load by multiple quadrotors},
  author={Arab, Farhad and Shirazi, Farzad A and Yazdi, Mohammad Reza Hairi},
  journal={Aerospace Science and Technology},
  volume={117},
  pages={106917},
  year={2021},
  publisher={Elsevier}
}

@article{wang2022geometrically,
  title={Geometrically constrained trajectory optimization for multicopters},
  author={Wang, Zhepei and Zhou, Xin and Xu, Chao and Gao, Fei},
  journal={IEEE Transactions on Robotics},
  year={2022},
  publisher={IEEE}
}

@article{ji2022real,
  title={Real-Time Trajectory Planning for Aerial Perching},
  author={Ji, Jialin and Yang, Tiankai and Xu, Chao and Gao, Fei},
  journal={arXiv preprint arXiv:2203.01061},
  year={2022}
}


@inproceedings{quan2022distributed,
  title={Distributed swarm trajectory optimization for formation flight in dense environments},
  author={Quan, Lun and Yin, Longji and Xu, Chao and Gao, Fei},
  booktitle={2022 International Conference on Robotics and Automation (ICRA)},
  pages={4979--4985},
  year={2022},
  organization={IEEE}
}


@article{janson2015fast,
  title={Fast marching tree: A fast marching sampling-based method for optimal motion planning in many dimensions},
  author={Janson, Lucas and Schmerling, Edward and Clark, Ashley and Pavone, Marco},
  journal={The International journal of robotics research},
  volume={34},
  number={7},
  pages={883--921},
  year={2015},
  publisher={SAGE Publications Sage UK: London, England}
}

@article{gammell2018informed,
  title={Informed sampling for asymptotically optimal path planning},
  author={Gammell, Jonathan D and Barfoot, Timothy D and Srinivasa, Siddhartha S},
  journal={IEEE Transactions on Robotics},
  volume={34},
  number={4},
  pages={966--984},
  year={2018},
  publisher={IEEE}
}

@article{liu1989limited,
  title={On the limited memory BFGS method for large scale optimization},
  author={Liu, Dong C and Nocedal, Jorge},
  journal={Mathematical programming},
  volume={45},
  number={1},
  pages={503--528},
  year={1989},
  publisher={Springer}
}


@article{bernard2011autonomous,
  title={Autonomous transportation and deployment with aerial robots for search and rescue missions},
  author={Bernard, Markus and Kondak, Konstantin and Maza, Ivan and Ollero, Anibal},
  journal={Journal of Field Robotics},
  volume={28},
  number={6},
  pages={914--931},
  year={2011},
  publisher={Wiley Online Library}
}

@inproceedings{murray1995differential,
  title={Differential flatness of mechanical control systems: A catalog of prototype systems},
  author={Murray, Richard M and Rathinam, Muruhan and Sluis, Willem},
  booktitle={ASME international mechanical engineering congress and exposition},
  year={1995},
  organization={Citeseer}
}


@inproceedings{mellinger2011minimum,
  title={Minimum snap trajectory generation and control for quadrotors},
  author={Mellinger, Daniel and Kumar, Vijay},
  booktitle={2011 IEEE international conference on robotics and automation},
  pages={2520--2525},
  year={2011},
  organization={IEEE}
}

@inproceedings{tordesillas2019faster,
  title={Faster: Fast and safe trajectory planner for flights in unknown environments},
  author={Tordesillas, Jesus and Lopez, Brett T and How, Jonathan P},
  booktitle={2019 IEEE/RSJ international conference on intelligent robots and systems (IROS)},
  pages={1934--1940},
  year={2019},
  organization={IEEE}
}

@inproceedings{caradonna1981experimental,
  title={Experimental and analytical studies of a model helicopter rotor in hover},
  author={Caradonna, Francis X and Tung, Chee},
  booktitle={European rotorcraft and powered lift aircraft forum},
  number={A-8332},
  year={1981}
}

@article{tan2013simulating,
  title={Simulating unsteady aerodynamics of helicopter rotor with panel/viscous vortex particle method},
  author={Tan, Jian-feng and Wang, Hao-wen},
  journal={Aerospace Science and Technology},
  volume={30},
  number={1},
  pages={255--268},
  year={2013},
  publisher={Elsevier}
}

@phdthesis{bhagwat2001transient,
  title={Transient Dynamics of Helicopter Rotor Wakes Using a Time-Accurate Free-Vortex Method},
  author={Bhagwat, Mahendra J},
  year={2001}
}

@techreport{elliott1988inflow,
  title={Inflow measurements made with a laser velocimeter on a helicopter model in forward flight. Volume 1: Rectangular Planform Blades at an Advance Ration of 0.15},
  author={Elliott, Joe W and Althoff, Susan L and Sailey, Richard H},
  year={1988}
}

@book{dingeldein1954wind,
  title={Wind-tunnel studies of the performance of multirotor configurations},
  author={Dingeldein, Richard C},
  volume={3236},
  year={1954},
  publisher={National Advisory Committee for Aeronautics}
}

@inproceedings{ronen1985dynamics,
  title={Dynamics of a Helicopter with a Sling Load},
  author={Ronen, Tuvya and BRYSON, JR, A and Hindson, W},
  booktitle={13th Atmospheric Flight Mechanics Conference},
  pages={2288},
  year={1985}
}

@article{cicolani1995simulation,
  title={Simulation of the dynamics of helicopter slung load systems},
  author={Cicolani, Luigi S and Kanning, Gerd and Synnestvedt, Robert},
  journal={Journal of the American Helicopter Society},
  volume={40},
  number={4},
  pages={44--61},
  year={1995},
  publisher={Vertical Flight Society}
}

@book{bisgaard2008modeling,
title={Modeling, estimation, and control of helicopter slung load system},
author={Bisgaard, Morten},
year={2008},
publisher={Department of Control Engineering, Aalborg University}
}

@article{bisgaard2010adaptive,
  title={Adaptive control system for autonomous helicopter slung load operations},
  author={Bisgaard, Morten and la Cour-Harbo, Anders and Bendtsen, Jan Dimon},
  journal={Control Engineering Practice},
  volume={18},
  number={7},
  pages={800--811},
  year={2010},
  publisher={Elsevier}
}

@book{cicolani1992equations,
  title={Equations of motion of slung-load systems, including multilift systems},
  author={Cicolani, Luigi S},
  volume={3280},
  year={1992},
  publisher={NASA}
}

@article{raz2005trim,
  title={Trim and Stability of a Twin-Lift System in Forward Flight},
  author={Raz, R and Rosen, A},
  journal={Journal of the American Helicopter Society},
  volume={50},
  number={2},
  pages={138--149},
  year={2005},
  publisher={Vertical Flight Society}
}

@inproceedings{yi2018review,
  title={A review on control methods for multi-lift rotorcraft systems},
  author={Yi, Kui and He, Yuqing and Han, Jianda and Yang, Liying and Gu, Feng},
  booktitle={2018 IEEE 8th Annual International Conference on CYBER Technology in Automation, Control, and Intelligent Systems (CYBER)},
  pages={913--918},
  year={2018},
  organization={IEEE}
}

@phdthesis{bernard2013system,
  title={A System of Autonomously Flying Helicopters for Load Transportation},
  author={Bernard, Markus},
  year={2013},
  school={TU Ilmenau}
}

@inproceedings{berrios2018load,
title={Load Distribution Control and Swing Angle Feedback for an Autonomous Dual Lift System with Flight Test Results},
author={Berrios, M and Takahashi, M and Whalley, M and Schulein, G and Cicolani, L and Powelll, J},
booktitle={74th Annual Forum of the American Helicopter Society, AHS, Phoenix, AZ},
year={2018}
}

@article{gimenez2020control,
  title={Control for cooperative transport of a bar-shaped payload with rotorcraft UAVs including a landing stage on mobile robots},
  author={Gimenez, Javier and Salinas, Lucio R and Gandolfo, Daniel C and Rosales, Claudio D and Carelli, Ricardo},
  journal={International Journal of Systems Science},
  volume={51},
  number={16},
  pages={3378--3392},
  year={2020},
  publisher={Taylor \& Francis}
}

@inproceedings{geng2019implementation,
  title={Implementation and demonstration of coordinated transport of a slung load by a team of rotorcraft},
  author={Geng, Junyi and Langelaan, Jack W},
  booktitle={AIAA SciTech 2019 Forum},
  pages={0913},
  year={2019}
}

@article{geng2020cooperative,
  title={Cooperative transport of a slung load using load-leading control},
  author={Geng, Junyi and Langelaan, Jack W},
  journal={Journal of Guidance, Control, and Dynamics},
  volume={43},
  number={7},
  pages={1313--1331},
  year={2020},
  publisher={American Institute of Aeronautics and Astronautics}
}

@phdthesis{geng2020control,
  title={Control, Estimation and Planning for Coordinated Transport of a Slung Load by a Team of Aerial Robots},
  author={Geng, Junyi},
  year={2020},
  school={The Pennsylvania State University}
}

@inproceedings{geng2021trajectory,
  title={Trajectory Planning and Control for a Multilift System Based on Load Distribution},
  author={Geng, Junyi and Singla, Puneet and Langelaan, Jack W},
  booktitle={AIAA Scitech 2021 Forum},
  pages={0980},
  year={2021}
}

@article{duan2021application,
  title={Application of social spider optimization and improved active disturbance rejection controller in hierarchical control of cooperative multi-lift with four unmanned helicopters},
  author={Duan, Dengyan and Zhao, Hong and Yu, Tianle and Zhang, Chaoqun and Li, Jianbo},
  journal={Proceedings of the Institution of Mechanical Engineers, Part G: Journal of Aerospace Engineering},
  pages={09544100211018108},
  year={2021},
  publisher={SAGE Publications Sage UK: London, England}
}

@article{enciu2017flight,
  title={Flight Performance Optimization of a Multilift Rotorcraft Formation},
  author={Enciu, Jacob and Horn, Joseph F},
  journal={Journal of Aircraft},
  volume={54},
  number={4},
  pages={1521--1538},
  year={2017},
  publisher={American Institute of Aeronautics and Astronautics}
}

@article{enciu2017formation,
  title={Formation Control of a Rotorcraft Multilift System},
  author={Enciu, Jacob and Horn, Joseph F and Langelaan, Jacob W},
  journal={Journal of the American Helicopter Society},
  volume={62},
  number={4},
  pages={1--14},
  year={2017},
  publisher={Vertical Flight Society}
}

@inproceedings{song2013modeling,
  title={Modeling, simulation, and non-linear control of a rotorcraft multi-lift system},
  author={Song, Yanguo and Horn, Joseph F and Li, Z and Langealaan, Jack W},
  booktitle={Annual Forum Proceedings, 69th American Helicopter Society International Annual Forum},
  volume={4},
  pages={2695--2714},
  year={2013},
  organization={AHS International Alexandria, VA}
}

@inproceedings{chopra2022distributed,
  title={Distributed Control for Multiple UAV Transport of Slung Loads},
  author={Chopra, Onkar and Ghose, Debasish},
  booktitle={AIAA SCITECH 2022 Forum},
  pages={0271},
  year={2022}
}

@article{jimenez2018differential,
  title={Differential game-based formation flight for quadrotors},
  author={Jimenez-Lizarraga, Manuel and Garcia, Octavio and Chapa-Garcia, Ricardo and Rojo-Rodriguez, Erik G},
  journal={International Journal of Control, Automation and Systems},
  volume={16},
  number={4},
  pages={1854--1865},
  year={2018},
  publisher={Springer}
}

@inproceedings{jiang2020cooperative,
  title={Cooperative game theory based multi-UAV consensus-based formation control},
  author={Jiang, Liwei and Gonzalez, Felipe and McFadyen, Aaron},
  booktitle={2020 International Conference on Unmanned Aircraft Systems (ICUAS)},
  pages={93--99},
  year={2020},
  organization={IEEE}
}

@article{chai2020robust,
  title={Robust event-triggered game-based attitude control for on-orbit assembly},
  author={Chai, Yuan and Luo, Jianjun and Han, Nan and Sun, Jun},
  journal={Aerospace Science and Technology},
  volume={103},
  pages={105894},
  year={2020},
  publisher={Elsevier}
}

@book{cicolani1987comprehensive,
  title={A comprehensive estimate of the static aerodynamic forces and moments of the 8-by 8-by 20-Foot cargo container},
  author={Cicolani, Luigi and Kanning, Gerd},
  year={1987},
  publisher={National Aeronautics and Space Administration, Ames Research Center}
}

@article{da2003unsteady,
  title={Unsteady aerodynamic model of a cargo container for slung load simulation},
  author={Da Silva, Joao G A and Duque, Earl PN and Cicolani, Luigi S and Tischler, Mark B},
  year={2003}
}

@article{cicolani2009flight,
  title={Flight test and simulation of a cargo container slung load in forward flight},
  author={Cicolani, Luigi S and Cone, Andrew and Theron, Johannes N and Robinson, Dwight and Lusardi, Jeffery and Tischler, Mark B and Rosen, Aviv and Raz, Reuben},
  journal={Journal of the American Helicopter Society},
  volume={54},
  number={3},
  pages={32006--32006},
  year={2009},
  publisher={Vertical Flight Society}
}

@article{mahmuddin2017rotor,
  title={Rotor blade performance analysis with blade element momentum theory},
  author={Mahmuddin, Faisal},
  journal={Energy Procedia},
  volume={105},
  pages={1123--1129},
  year={2017},
  publisher={Elsevier}
}

@article{Duan2021Accepted,
  title={Flight Dynamics Analysis of a Small Tandem Helicopter Considering Aerodynamic Interference},
  author={Duan, Dengyan and Li, Yujun and Ding, Zhiwei and Li Jianbo},
  journal={Proceedings of the Institution of Mechanical Engineers, Part G: Journal of Aerospace Engineering, Accepted}
}

@article{Duan2021Underreview,
  title={Numerical investigation of aerodynamic interference between helicopters in a multi-lift system at forward flight},
  author={Duan, Dengyan and Ding, Zhiwei and Zhao, Gang and Xuan Jinting and Li, Jianbo},
  journal={Aerospace Science and Technology, Under review},
}

@article{de2017finite,
  title={Finite time robust feedback Nash equilibrium for linear quadratic games},
  author={de la Cruz, Nain and Jimenez-Lizarraga, Manuel},
  journal={IFAC-PapersOnLine},
  volume={50},
  number={1},
  pages={11794--11799},
  year={2017},
  publisher={Elsevier}
}






